<?xml version='1.0' encoding='utf-8'?>
<record xmlns="http://www.loc.gov/MARC21/slim" xmlns:xsi="http://www.w3.org/2001/XMLSchema-instance" xsi:schemaLocation="http://www.loc.gov/MARC21/slim http://www.loc.gov/standards/marcxml/schema/MARC21slim.xsd">
  <leader>00000npca 22004331a 4500</leader>
  <controlfield tag="005">20140124101411.0</controlfield>
  <controlfield tag="008">950210i18762010miu     |           eng |</controlfield>
  <datafield tag="035" ind1=" " ind2=" ">
    <subfield code="a">(RLIN)MIUV87-A82</subfield>
  </datafield>
  <datafield tag="035" ind1=" " ind2=" ">
    <subfield code="a">(OCoLC)ocm78643217</subfield>
  </datafield>
  <datafield tag="040" ind1=" " ind2=" ">
    <subfield code="a">MiU-H</subfield>
    <subfield code="c">MiU-H</subfield>
    <subfield code="e">appm</subfield>
    <subfield code="d">MiU</subfield>
    <subfield code="d">MiU-H</subfield>
  </datafield>
  <datafield tag="110" ind1="2" ind2=" ">
    <subfield code="a">University of Michigan.</subfield>
    <subfield code="b">A. Alfred Taubman College of Architecture + Urban Planning.</subfield>
  </datafield>
  <datafield tag="245" ind1="1" ind2="0">
    <subfield code="a">A. Alfred Taubman College of Architecture and Urban Planning (University of Michigan) records,</subfield>
    <subfield code="f">1876-2010.</subfield>
  </datafield>
  <datafield tag="300" ind1=" " ind2=" ">
    <subfield code="a">80 linear feet, 2 oversized boxes, 1 flat file drawer, and 137.2 MB (online).</subfield>
  </datafield>
  <datafield tag="545" ind1="1" ind2=" ">
    <subfield code="b">It was more than twenty years after William LeBaron Jenney taught architecture at the University of Michigan from 1876 to 1877 before a chair was officially established within the Department of Engineering. In 1931, a separate and more autonomous College of Architecture was established and Emil Lorch named Director.</subfield>
  </datafield>
  <datafield tag="545" ind1="1" ind2=" ">
    <subfield code="b">The focus of the program expanded throughout the 1920s, 1930s, and 1940s to include decorative and landscape design and by the 1950s to include city planning. In 1954 the college was formally divided into three departments: Art, Architecture, and Landscape Architecture; ten years later the Department of Landscape Architecture was transferred to the School of Natural Resources, and in 1968, a Department of Urban Planning was added.</subfield>
  </datafield>
  <datafield tag="545" ind1="1" ind2=" ">
    <subfield code="b">By 1974, the school was renamed the College of Architecture and Urban Planning, and the program structure included an emphasis on research, environmental design, and the built environment, while also engaging students in practical experiences. The name of the school was changed in 1999 to A. Alfred Taubman College of Architecture and Urban Planning in honor of Taubman's $30 million gift earmarked for launching new initiatives in urban planning and community work.</subfield>
  </datafield>
  <datafield tag="520" ind1="2" ind2=" ">
    <subfield code="a">The record group is organized in several separate accessions. While primarily comprised of documentation in the form of minutes, dean's files, and topical files, the record group also contains photographs and several oversized folders of architectural drawings. The latter are mainly unrealized designs for buildings housing the college.</subfield>
  </datafield>
  <datafield tag="520" ind1="2" ind2=" ">
    <subfield code="a">The Minutes series includes bound volumes and unbound files of the minutes of meetings of the executive committee and of the faculty. Dean's files that are well-represented include records from the tenures of Wells Ira Bennett, Reginald Malcomson, Robert C. Metcalf, Robert Beckley, and Douglas Kelbaugh.</subfield>
  </datafield>
  <datafield tag="520" ind1="2" ind2=" ">
    <subfield code="a">The National Architectural Accrediting Board series is comprised of correspondence relating to national accreditation and includes detailed evaluation reports. Day to day workings of the college are documented in an Administrative series. Collected material related to Raoul G. Wallenberg, a graduate of the college, include a documentary of his life, photographs, and transcripts of lectures from a series named in his honor.</subfield>
  </datafield>
  <datafield tag="520" ind1="2" ind2=" ">
    <subfield code="a">There are also materials on the founding of the Department of Urban Planning, and efforts to renovate the Art and Architecture Building. Audio-Visual material includes a DVD celebrating the college's centennial along with recordings of lectures and other events.</subfield>
  </datafield>
  <datafield tag="555" ind1="0" ind2=" ">
    <subfield code="a">Finding aid in the library</subfield>
  </datafield>
  <datafield tag="555" ind1="0" ind2=" ">
    <subfield code="a">Finding aid available via World Wide Web at URL: http://quod.lib.umich.edu/cgi/f/findaid/findaid-idx?c=bhlead&amp;idno=umich-bhl-8782</subfield>
  </datafield>
  <datafield tag="500" ind1=" " ind2=" ">
    <subfield code="a">Photographs described separately.</subfield>
  </datafield>
  <datafield tag="506" ind1=" " ind2=" ">
    <subfield code="a">Restricted access.</subfield>
  </datafield>
  <datafield tag="500" ind1=" " ind2=" ">
    <subfield code="a">Donor: 5805</subfield>
  </datafield>
  <datafield tag="650" ind1=" " ind2="0">
    <subfield code="a">Architecture.</subfield>
  </datafield>
  <datafield tag="600" ind1="1" ind2="0">
    <subfield code="a">Wallenberg, Raoul,</subfield>
    <subfield code="d">1912-1947.</subfield>
  </datafield>
  <datafield tag="610" ind1="2" ind2="0">
    <subfield code="a">University of Michigan.</subfield>
    <subfield code="b">College of Architecture and Design.</subfield>
  </datafield>
  <datafield tag="610" ind1="2" ind2="0">
    <subfield code="a">University of Michigan.</subfield>
    <subfield code="b">College of Architecture and Urban Planning.</subfield>
  </datafield>
  <datafield tag="610" ind1="2" ind2="0">
    <subfield code="a">University of Michigan.</subfield>
    <subfield code="b">A. Alfred Taubman College of Architecture + Urban Planning.</subfield>
  </datafield>
  <datafield tag="600" ind1="1" ind2="0">
    <subfield code="a">Beckley, Robert M.</subfield>
  </datafield>
  <datafield tag="700" ind1="1" ind2=" ">
    <subfield code="a">Bennett, Wells Ira,</subfield>
    <subfield code="d">1888-</subfield>
  </datafield>
  <datafield tag="700" ind1="1" ind2=" ">
    <subfield code="a">Malcolmson, Reginald,</subfield>
    <subfield code="d">1912-</subfield>
  </datafield>
  <datafield tag="700" ind1="1" ind2=" ">
    <subfield code="a">Kelbaugh, Doug.</subfield>
  </datafield>
  <datafield tag="700" ind1="1" ind2=" ">
    <subfield code="a">Metcalf, Robert Clarence,</subfield>
    <subfield code="d">1923-</subfield>
  </datafield>
  <datafield tag="852" ind1=" " ind2=" ">
    <subfield code="a">Bentley Historical Library,</subfield>
    <subfield code="b">University of Michigan,</subfield>
    <subfield code="e">Ann Arbor, Michigan 48109-2113</subfield>
  </datafield>
  <datafield tag="856" ind1="4" ind2="2">
    <subfield code="3">Finding aid:</subfield>
    <subfield code="u">http://quod.lib.umich.edu/cgi/f/findaid/findaid-idx?c=bhlead&amp;idno=umich-bhl-8782</subfield>
  </datafield>
  <datafield tag="856" ind1="4" ind2="2">
    <subfield code="3">Online material :</subfield>
    <subfield code="u">http://deepblue.lib.umich.edu/handle/2027.42/93586</subfield>
  </datafield>
  <datafield tag="997" ind1=" " ind2=" ">
    <subfield code="a">MARS</subfield>
  </datafield>
  <datafield tag="998" ind1=" " ind2=" ">
    <subfield code="s">9554</subfield>
  </datafield>
</record>
